<collection xmlns="http://www.loc.gov/MARC21/slim">
<record>
  <leader>01255nam0a22001451i 450 </leader>
  <controlfield tag="001">IT\ICCU\CNCE\065672</controlfield>
  <controlfield tag="005">20060726000000.0</controlfield>
  <datafield tag="100" ind1=" " ind2=" ">
    <subfield code="a">20060726g15891590    0itac0103    ba</subfield>
  </datafield>
  <datafield tag="101" ind1=" " ind2=" ">
    <subfield code="a">LAT</subfield>
  </datafield>
  <datafield tag="102" ind1=" " ind2=" ">
    <subfield code="a">IT</subfield>
  </datafield>
  <datafield tag="200" ind1="1" ind2=" ">
    <subfield code="a">℗Ioannis Medinae ss. theologiae doctoris et in Complutensi academia professoris celeberrimi ℗De poenitentia, restitutione, et contractibus prc̆larum et absolutum opus in duos diuisum tomos: non modo theologiae, sed &amp; iurisprudentiae professoribus, animarum curatoribus, ac studiosis omnibus quam utilissimum: nouissime editum et non ab innumeris solum quibus ante ̉scatebat mendis repurgatum; verum nouis insuper ac utilissimis annotationibus in margine appositis; luculentissimoque etiam tam quaestionum, quamrerum &amp; sententiarum indice locupletatum. Praecipua totius operis capita mox altera huius paginae facies indicabit</subfield>
  </datafield>
  <datafield tag="210" ind1=" " ind2=" ">
    <subfield code="a">Brixiae</subfield>
    <subfield code="c">apud Petrum Bozzolam</subfield>
    <subfield code="d">1590</subfield>
    <subfield code="e">Brixiae</subfield>
    <subfield code="g">apud Bozzolam</subfield>
    <subfield code="h">ad signum Griffji</subfield>
    <subfield code="h">1590</subfield>
  </datafield>
  <datafield tag="215" ind1=" " ind2=" ">
    <subfield code="a">2 v.</subfield>
    <subfield code="d">4ʻ</subfield>
  </datafield>
  <datafield tag="300" ind1=" " ind2=" ">
    <subfield code="a">2: Ioannis Medinae complutensis ... Tomus secundus. In quo de restitutione et contractibus accuratissime agitur: vt aequus quiuis lector facile perspecturus sit ... et indice locupletissimo et annotationibus marginalibus ... adornatum, 1589.Vedi CNC 65409</subfield>
  </datafield>
  <datafield tag="801" ind1=" " ind2="3">
    <subfield code="a">IT</subfield>
    <subfield code="b">ICCU</subfield>
    <subfield code="c">20201115</subfield>
  </datafield>
</record>
</collection>
